@book{Strauss2008,
    author    = {Strauss, Walter A.},
    title     = {Partial Differential Equations},
    publisher = {John Wiley \& Sons},
    year      = {2008},
    edition   = {2a edição},
    isbn      = {978-0-470-05456-7}
}