@misc{Butler2021,
  author       = {John S. Butler},
  title        = {Wave Equation: Boundary Conditions},
  year         = {2024},
  url          = {https://john-s-butler-dit.github.io/NumericalAnalysisBook/Chapter%2010%20-%20Hyperbolic%20Equations/1001_Wave%20Equation.html#boundary-conditions},
  note         = {Acesso em: 28 de setembro de 2024}
}

@book{Burden2010,
  title     = "Numerical Analysis",
  author    = "Burden, Richard L and Faires, J Douglas",
  publisher = "Cengage Learning",
  edition   =  9,
  year      =  2010
}

@misc{Chen2014,
  author       = {Long Chen},
  title        = {Finite Difference Methods for Poisson Equation},
  year         = {2014},
  institution  = {University of California, Irvine},
  url          = {https://www.math.uci.edu/~chenlong/226/FDM.pdf},
  note         = {Acesso em: 28 de setembro de 2024}
}

@misc{Kuhl2024,
  author       = {Nelson Mugayar Kuhl},
  title        = {Notas de aula MAP2320 - Métodos Numéricos em Equações Diferenciais II},
  year         = {2024},
  institution  = {Instituto de Matemática e Estatística da Universidade de São Paulo (IME-USP)},
  note         = {Conteúdo apresentado em aula.},
  url          = {https://drive.google.com/drive/folders/1x9WQjKAKtj97hUUl7OfNSJFye57g2TCv?usp=drive_link}
}

